@article{Jiao2011SiemensAS,
  title={Siemens and siemens-like processes for producing photovoltaics: Energy payback time and lifetime carbon emissions},
  author={Yubo Jiao and Alex Salce and Wade Ben and Feng Jiang and Xiaoyang Ji and Evan Morey and David C. Lynch},
  journal={JOM},
  year={2011},
  volume={63},
  pages={28-31},
  url={https://api.semanticscholar.org/CorpusID:137367977}
}