@book{howard2015foundations,
  title={Foundations of Decision Analysis},
  author={Howard, R.A. and Abbas, A.E.},
  isbn={9780133485950},
  url={https://books.google.com/books?id=o6-gBwAAQBAJ},
  year={2015},
  publisher={Pearson Education}
}
