@book{montgomery2012design,
  title={Design and Analysis of Experiments, 8th Edition},
  author={Montgomery, D.C.},
  isbn={9781118214718},
  lccn={2012005389},
  url={https://books.google.com/books?id=XQAcAAAAQBAJ},
  year={2012},
  publisher={John Wiley \& Sons, Incorporated}
}

@inproceedings{May2011ACO,
  title={A Comparison of the Effectiveness of Two Free Throw Shooting Methods},
  author={May, Andrew J},
  year={2011},
  url={https://api.semanticscholar.org/CorpusID:142202085}
}

@article{FAZEL201829,
title = {The effects of different types of imagery delivery on basketball free-throw shooting performance and self-efficacy},
journal = {Psychology of Sport and Exercise},
volume = {39},
pages = {29-37},
year = {2018},
issn = {1469-0292},
doi = {https://doi.org/10.1016/j.psychsport.2018.07.006},
url = {https://www.sciencedirect.com/science/article/pii/S1469029217306532},
author = {Fatemeh Fazel and Tony Morris and Anthony Watt and Rouhollah Maher},
}