@article{Macdonald2020Recreating,
	author = {Macdonald, Brian},
	journal = {Harvard Data Science Review},
	number = {4},
	year = {2020},
	month = {dec 10},
	note = {https://hdsr.mitpress.mit.edu/pub/kxks56er},
	publisher = {The MIT Press},
	title = {Recreating the {Game}: Using {Player} {Tracking} {Data} to {Analyze} {Dynamics} in {Basketball} and {Football} },
	volume = {2},
}

@inproceedings{Oliver2011JournalOQ,
  title={Journal of Quantitative Analysis in Sports A Starting Point for Analyzing Basketball Statistics},
  author={Dean Oliver and Kevin Pelton and Dan T. Rosenbaum},
  year={2011},
  url={https://api.semanticscholar.org/CorpusID:121583997}
}

@article{Puranmalka,
author = {Puranmalka, Keshav},
year = {2014},
month = {03},
pages = {},
title = {Modelling the NBA to make better predictions}
}

@article{Wang2021ApplicationOM,
  title={Application of Machine Learning on NBA Data Sets},
  author={Jingru Wang and Qishi Fan},
  journal={Journal of Physics: Conference Series},
  year={2021},
  volume={1802},
  url={https://api.semanticscholar.org/CorpusID:233772057}
}

@article{Santos,
author = {Santos, Joao and Méndez-Domínguez, César and Nunes, Célia and Ruano, Miguel and Travassos, Bruno},
year = {2019},
month = {12},
pages = {1-12},
title = {Examining the key performance indicators of all-star players and winning teams in elite futsal},
volume = {20},
journal = {International Journal of Performance Analysis in Sport},
doi = {10.1080/24748668.2019.1705643}
}

@article{Hastie2004,
author = {Hastie, Trevor and Tibshirani, Robert and Friedman, Jerome and Franklin, James},
year = {2004},
month = {11},
pages = {83-85},
title = {The Elements of Statistical Learning: Data Mining, Inference, and Prediction},
volume = {27},
journal = {Math. Intell.},
doi = {10.1007/BF02985802}
}